@misc{DDA,
howpublished = {[EB/OL]},
note = {\url{https://blog.csdn.net/u010429424/article/details/77834046} },
title = {DDA算法和Bresenham算法},
author = {两鬓已不能斑白}
}

@misc{Bresenham,
howpublished = {[EB/OL]},
note = {\url{https://zhuanlan.zhihu.com/p/74990578} },
title = {Bresenham光栅化算法},
author = {学无止境}
}

@misc{Circle,
howpublished = {[EB/OL]},
note = {\url{https://wenku.baidu.com/view/cc7be28dcc17552706220809.html#} },
title = {椭圆的中点生成算法},
author = {未知}
}

@misc{Bezier,
howpublished = {[EB/OL]},
note = {\url{https://yq.aliyun.com/articles/341091} },
title = {Bezier曲线},
author = {云栖希望。 }
}

@misc{B-spline,
howpublished = {[EB/OL]},
note = {\url{https://www.jianshu.com/p/49aff913104c} },
title = {B-样条曲线(B-spline Curve)总结},
author = {手写的以后 }
}

@book{move,
author ="孙正兴，周良，郑洪源，谢强",
year="2009",
title="计算机图形学教程",
publisher ="机械工业出版社"
}
